@incollection{Fabricius2000,
  author       = {Katharina Fabricius},
  title        = {Biodiversity on the Great Barrier Reef: Large-Scale Patterns and Turbidity-Related Local Loss of Soft Coral Taxa},
  booktitle    = {CRC Press eBooks},
  year         = {2000},
  pages        = {147--164},
  publisher    = {CRC Press},
  doi          = {10.1201/9781420041675-14},
  url          = {https://doi.org/10.1201/9781420041675-14}
}

@article{Kayanne2016,
  author       = {H. Kayanne},
  title        = {Validation of degree heating weeks as a coral bleaching index in the northwestern Pacific},
  journal      = {Coral Reefs},
  volume       = {36},
  number       = {1},
  pages        = {63--70},
  year         = {2016},
  doi          = {10.1007/s00338-016-1524-y},
  url          = {https://doi.org/10.1007/s00338-016-1524-y}
}

@book{Maxwell1968,
  author       = {W. G. H. Maxwell},
  title        = {Atlas of the Great Barrier Reef},
  publisher    = {Elsevier},
  address      = {Amsterdam, Netherlands},
  year         = {1968}
}

@article{Belperio1983,
  author       = {A. P. Belperio},
  title        = {Terrigenous sedimentation in the central Great Barrier Reef lagoon: A model from the Burdekin region},
  journal      = {BMR Journal of Australian Geology and Geophysics},
  volume       = {8},
  number       = {3},
  pages        = {179--190},
  year         = {1983}
}

@misc{NOAA_CRW2024,
  author       = {{NOAA Coral Reef Watch}},
  title        = {NOAA Coral Reef Watch Version 3.1 Daily Global 5 km Satellite Coral Bleaching Degree Heating Week Product, 1987–2024},
  howpublished = {Data set. College Park, Maryland, USA: NOAA Coral Reef Watch},
  year         = {2024},
  url          = {ftp://ftp.star.nesdis.noaa.gov/pub/sod/mecb/crw/data/5km/v3.1/nc/v1.0/daily/dhw/},
  note         = {Accessed 2025}
}

@misc{NOAA_SOI2025,
  author       = {{NOAA Southern Oscillation Index (SOI)}},
  title        = {NOAA Southern Oscillation Index (SOI), 1951–2025},
  howpublished = {Data set. College Park, Maryland, USA: NOAA National Weather Service, Climate Prediction Center},
  year         = {2025},
  url          = {https://www.cpc.ncep.noaa.gov/data/indices/soi},
  note         = {Accessed 2025}
}

@misc{GBRMPA2017,
  author       = {{Great Barrier Reef Marine Park Authority}},
  title        = {Great Barrier Reef Marine Park Boundary (GDA94)},
  howpublished = {ArcGIS Online},
  year         = {2017},
  url          = {https://geohub-gbrmpa.hub.arcgis.com/datasets/GBRMPA::great-barrier-reef-marine-park-boundary-gda94/about},
  note         = {Accessed 1 June 2025}
}

@misc{GA_HIGHRES_BATHY,
  author       = {{Geoscience Australia}},
  title        = {High Resolution Bathymetry [TIFF file]},
  howpublished = {Dataset. Canberra, ACT: Geoscience Australia},
  year         = {2017},
  url          = {https://ecat.ga.gov.au/geonetwork/srv/api/records/5c47b141-3c73-4430-9305-3def001a93e9},
  note         = {Accessed 1 June 2025}
}

@misc{BOM_ENSO2023,
  author       = {{Bureau of Meteorology}},
  title        = {El Niño Southern Oscillation (ENSO)},
  howpublished = {Australian Government},
  year         = {2023},
  url          = {http://www.bom.gov.au/climate/about/?bookmark=enso}
}

@misc{NOAA_CRW_Methodology,
  author       = {{NOAA Coral Reef Watch}},
  title        = {NOAA Coral Reef Watch 5 km Methodology Page},
  howpublished = {Online resource. National Oceanic and Atmospheric Administration},
  year         = {2025},
  url          = {https://coralreefwatch.noaa.gov/product/5km/methodology.php#dhw},
  note         = {Accessed 1 June 2025}
}

@article{Cai2023,
  author       = {W. Cai and B. Ng and T. Geng and F. Jia and L. Wu and G. Wang and Y. Liu and B. Gan and K. Yang and A. Santoso and X. Lin and Z. Li and Y. Liu and Y. Yang and F.-F. Jin and M. Collins and M. J. McPhaden},
  title        = {Anthropogenic impacts on twentieth-century ENSO variability changes},
  journal      = {Nature Reviews Earth \& Environment},
  volume       = {4},
  pages        = {1--12},
  year         = {2023},
  doi          = {10.1038/s43017-023-00427-8},
  url          = {https://doi.org/10.1038/s43017-023-00427-8}
}

@article{RedondoRodriguez2012,
  author       = {A. Redondo-Rodriguez and S. J. Weeks and R. Berkelmans and O. Hoegh-Guldberg and J. M. Lough},
  title        = {Climate variability of the Great Barrier Reef in relation to the tropical Pacific and El Niño Southern Oscillation},
  journal      = {Marine and Freshwater Research},
  volume       = {63},
  number       = {1},
  pages        = {34},
  year         = {2012},
  doi          = {10.1071/mf11151},
  url          = {https://doi.org/10.1071/mf11151}
}

@article{McGowanTheobald2017,
  author       = {H. McGowan and A. Theobald},
  title        = {ENSO Weather and Coral Bleaching on the Great Barrier Reef, Australia},
  journal      = {Geophysical Research Letters},
  volume       = {44},
  number       = {20},
  pages        = {10601--10607},
  year         = {2017},
  doi          = {10.1002/2017GL074877},
  url          = {https://doi.org/10.1002/2017GL074877}
}

@article{vanWoesik2022,
  author       = {R. van Woesik and T. Shlesinger and A. G. Grottoli and R. J. Toonen and R. Vega Thurber and M. E. Warner and A. Marie Hulver and L. Chapron and R. H. McLachlan and R. Albright and E. Crandall and T. M. DeCarlo and M. K. Donovan and J. Eirin-Lopez and H. B. Harrison and S. F. Heron and D. Huang and A. Humanes and T. Krueger and J. S. Madin},
  title        = {Coral-bleaching responses to climate change across biological scales},
  journal      = {Global Change Biology},
  volume       = {28},
  number       = {14},
  pages        = {4229--4250},
  year         = {2022},
  doi          = {10.1111/gcb.16192},
  url          = {https://doi.org/10.1111/gcb.16192}
}

@article{McGowanTheobald2023,
  author       = {H. McGowan and A. Theobald},
  title        = {Atypical weather patterns cause coral bleaching on the Great Barrier Reef, Australia during the 2021–2022 La Niña},
  journal      = {Scientific Reports},
  volume       = {13},
  number       = {1},
  pages        = {6397},
  year         = {2023},
  doi          = {10.1038/s41598-023-33613-1},
  url          = {https://doi.org/10.1038/s41598-023-33613-1}
}

@article{DorrellLloyd2022,
  author       = {R. M. Dorrell and C. J. Lloyd and B. J. Lincoln and T. P. Rippeth and J. R. Taylor and C. P. Caulfield and J. Sharples and J. A. Polton and B. D. Scannell and D. M. Greaves and R. A. Hall and J. H. Simpson},
  title        = {Anthropogenic Mixing in Seasonally Stratified Shelf Seas by Offshore Wind Farm Infrastructure},
  journal      = {Frontiers in Marine Science},
  volume       = {9},
  year         = {2022},
  doi          = {10.3389/fmars.2022.830927},
  url          = {https://doi.org/10.3389/fmars.2022.830927}
}


@article{CaiNg2022,
  author       = {W. Cai and B. Ng and G. Wang and A. Santoso and L. Wu and K. Yang},
  title        = {Increased ENSO sea surface temperature variability under four IPCC emission scenarios},
  journal      = {Nature Climate Change},
  volume       = {12},
  year         = {2022},
  doi          = {10.1038/s41558-022-01282-z},
  url          = {https://doi.org/10.1038/s41558-022-01282-z}
}


@article{Lough1994,
  author       = {J. M. Lough},
  title        = {Climate variation and El Niño-Southern Oscillation events on the Great Barrier Reef: 1958 to 1987},
  journal      = {Coral Reefs},
  volume       = {13},
  pages        = {181--185},
  year         = {1994},
  doi          = {10.1007/BF00301197},
  url          = {https://doi.org/10.1007/BF00301197}
}

@article{Gillett2023,
  author       = {Z. E. Gillett and A. S. Taschetto and C. Holgate and A. Santoso},
  title        = {Linking ENSO to Synoptic Weather Systems in Eastern Australia},
  journal      = {Geophysical Research Letters},
  volume       = {50},
  number       = {15},
  year         = {2023},
  doi          = {10.1029/2023GL104814},
  url          = {https://doi.org/10.1029/2023GL104814}
}

@article{Cai2022,
  author  = {Cai, W. and Ng, B. and Wang, G. and Santoso, A. and Wu, L. and Yang, K.},
  title   = {Increased ENSO sea surface temperature variability under four IPCC emission scenarios},
  journal = {Nature Climate Change},
  volume  = {12},
  year    = {2022},
  doi     = {10.1038/s41558-022-01282-z},
  url     = {https://doi.org/10.1038/s41558-022-01282-z}
}